<?xml version="1.0" encoding="UTF-8"?><collection xmlns="http://www.loc.gov/MARC21/slim"><record><leader>00362nam--2200121-i-4500</leader><controlfield tag="001">000041164</controlfield><controlfield tag="002">20161230</controlfield><controlfield tag="005">20161230201043</controlfield><controlfield tag="008">060222s1000------------r-----000-0-eng-d</controlfield><datafield ind1=" " ind2=" " tag="100"><subfield code="a">Seel, Fritz</subfield></datafield><datafield ind1=" " ind2=" " tag="245"><subfield code="a">Atombau und chemische bindung. eine einfuhrung in die moderne theorie der chemische bindung</subfield></datafield><datafield ind1=" " ind2=" " tag="260"><subfield code="a">Stuttgart, Enkeverlag, 1956, /Iii/+47p</subfield></datafield><datafield ind1=" " ind2=" " tag="852"><subfield code="a">12748</subfield></datafield></record></collection>